@book{unityinaction,
  	author 		=	"Joseph Hocking",
  	publisher	=	"Manning",
  	title 		=	"Unity in action",
  	year 		=	"2000",
}

@misc{wiki:api,
   author = "Wikipedia",
   title = "{Interfaz de programación de aplicaciones} --- {W}ikipedia{,} La enciclopedia libre",
   year = "2018",
   howpublished = {\url{http://es.wikipedia.org/w/index.php?title=Interfaz\%20de\%20programaci\%C3\%B3n\%20de\%20aplicaciones&oldid=110157354}},
   note = "[Online; accedido el 24-August-2018]"
}

@article{abstraction,
  	author 	=	"Pavol Návrat",
  	title 	=	"Hierarchies of Programming Concepts: Abstraction, Generality, and Beyond",
  	journal	=	"Sigse Bulletink",
  	volume 	=	"26",
  	number 	=	"3",
  	pages 	=	"17--28",
  	year 	=	"1994",
  	note 	=	"{Disponible en \url{https://dl.acm.org/citation.cfm?id=187397}}",
  	DOI 	=	"https://dl.acm.org/citation.cfm?id=187397"
}

@misc{googlemaps,
  	title 	=	"Google Maps Platform",
  	note 	=	"{Disponible en \url{https://cloud.google.com/maps-platform/?hl=es}}"
}

@phdthesis{REST,
  	author 	=	"Roy Thomas Fielding",
  	title 	=	"Architectural Styles and
the Design of Network-based Software Architectures",
  	school	=	"University of California",
  	year 	=	"2000",
  	chapter =	"5",
  	note 	=	"{Disponible en \url{https://www.ics.uci.edu/~fielding/pubs/dissertation/rest_arch_style.htm}}",
  	DOI 	=	"https://www.ics.uci.edu/~fielding/pubs/dissertation/rest_arch_style.htm"
}

@misc{esotericlang,
  	title 	=	"Esolang, the esoteric programming languages wiki",
  	note 	=	"{Disponible en \url{https://esolangs.org/wiki/Hello_world_program_in_esoteric_languages}}"
}

@unpublished{godotcs,
  	author 	=	"Ignacio Roldán Etcheverry",
  	title 	=	"Introducing C\# in Godot",
  	note 	=	"{Disponible en \url{https://godotengine.org/article/introducing-csharp-godot}}"
}

@unpublished{csisfamous,
  	author 	=	"Armina Mkhitaryan",
  	title 	=	"Why Is C\# Among The Most Popular Programming Languages in The World?",
  	note 	=	"{Disponible en \url{https://medium.com/sololearn/why-is-c-among-the-most-popular-programming-languages-in-the-world-ccf26824ffcb}}"
}

@book{csnutshell,
  	author 		=	"Joseph Albahari and Ben Albahari",
  	publisher	=	"O’Reilly Media",
  	title 		=	"C\# 7.0 in a Nutshell",
  	year 		=	"2018",
  	edition		=	"7th"
}

@manual{webclient,
  	organization	=	"Microsoft",
  	title 			=	"Clase WebClient",
  	month			=	"Octubre",
  	year 			=	"2016",
  	note 			=	"{Disponible en \url{https://msdn.microsoft.com/es-es/library/system.net.webclient(v=vs.110).aspx}}"
}

@manual{cs7,
  	organization	=	"Microsoft",
  	title 			=	"What's new in C\# 7.0",
  	month			=	"Diciembre",
  	year 			=	"2016",
  	note 			=	"{Disponible en \url{https://docs.microsoft.com/en-us/dotnet/csharp/whats-new/csharp-7#out-variables}}"
}

@manual{nuget,
  	organization	=	"Microsoft",
  	title 			=	"An introduction to NuGet",
  	month			=	"Enero",
  	year 			=	"2018",
  	note 			=	"{Disponible en \url{https://docs.microsoft.com/es-es/nuget/what-is-nuget}}"
}

@book{bookgns,
  	author 		=	"Jason C. Neumann",
  	publisher	=	"no starch press",
  	title 		=	"The Book of GNS3",
  	year 		=	"2015",
  	edition		=	"1st"
}

@misc{aboutopenwrt,
	title		=	"About OpenWRT",
	note		=	"{Disponible en \url{https://wiki.openwrt.org/about/start}}"
}

@manual{rigidbody,
  	organization	=	"Unity",
  	title 			=	"Rigidbody 2D",
  	note 			=	"{Disponible en \url{https://docs.unity3d.com/Manual/class-Rigidbody2D.html}}"
}

@manual{colliders,
  	organization	=	"Unity",
  	title 			=	"Colliders",
  	note 			=	"{Disponible en \url{https://docs.unity3d.com/es/current/Manual/CollidersOverview.html}}"
}

@manual{tiles,
  	organization	=	"Unity",
  	title 			=	"Tile",
  	note 			=	"{Disponible en \url{https://docs.unity3d.com/Manual/Tilemap-ScriptableTiles-Tile.html}}"
}

@book{csindepth,
  	author 		=	"Jon Skeet",
  	publisher	=	"Manning",
  	title 		=	"C\# in Depth",
  	year 		=	"2013",
  	edition		=	"3rd",
  	note 		=	"{Disponible en \url{http://csharpindepth.com/Articles/General/Singleton.aspx}}"
}